
<record>
  <leader>06028cam a22005537i 4500</leader>
  <controlfield tag="001">18854717</controlfield>
  <controlfield tag="005">20200103150530.0</controlfield>
  <controlfield tag="008">151113t20162016nyua     b    001 0deng c</controlfield>
  <datafield tag="906" ind1=" " ind2=" ">
    <subfield code="a">7</subfield>
    <subfield code="b">cbc</subfield>
    <subfield code="c">pccadap</subfield>
    <subfield code="d">2</subfield>
    <subfield code="e">ncip</subfield>
    <subfield code="f">20</subfield>
    <subfield code="g">y-gencatlg</subfield>
  </datafield>
  <datafield tag="925" ind1="0" ind2=" ">
    <subfield code="a">acquire</subfield>
    <subfield code="b">1 shelf copy</subfield>
    <subfield code="x">policy default</subfield>
  </datafield>
  <datafield tag="955" ind1=" " ind2=" ">
    <subfield code="b">rl11 2016-09-13 z-processor</subfield>
    <subfield code="i">rl11 2016-09-13</subfield>
    <subfield code="a">rl11 2016-09-21 to Dewey</subfield>
    <subfield code="w">xm08 2016-10-31 (telework)</subfield>
  </datafield>
  <datafield tag="955" ind1=" " ind2=" ">
    <subfield code="a">pc17 2015-11-13</subfield>
    <subfield code="a">rl00 2016-09-02 to SMA (editions)</subfield>
  </datafield>
  <datafield tag="010" ind1=" " ind2=" ">
    <subfield code="a">  2015957191</subfield>
  </datafield>
  <datafield tag="016" ind1="7" ind2=" ">
    <subfield code="a">101677639</subfield>
    <subfield code="2">DNLM</subfield>
  </datafield>
  <datafield tag="020" ind1=" " ind2=" ">
    <subfield code="a">9781493933518 (hbk : alk. paper)</subfield>
  </datafield>
  <datafield tag="020" ind1=" " ind2=" ">
    <subfield code="a">1493933515 (hbk : alk. paper)</subfield>
  </datafield>
  <datafield tag="020" ind1=" " ind2=" ">
    <subfield code="z">9781493933532 (eBook)</subfield>
  </datafield>
  <datafield tag="035" ind1=" " ind2=" ">
    <subfield code="a">(OCoLC)ocn918594224</subfield>
  </datafield>
  <datafield tag="040" ind1=" " ind2=" ">
    <subfield code="a">NLM</subfield>
    <subfield code="b">eng</subfield>
    <subfield code="c">NLM</subfield>
    <subfield code="e">rda</subfield>
    <subfield code="d">YDXCP</subfield>
    <subfield code="d">BTCTA</subfield>
    <subfield code="d">GBVCP</subfield>
    <subfield code="d">OCLCF</subfield>
    <subfield code="d">NUI</subfield>
    <subfield code="d">IAL</subfield>
    <subfield code="d">OCLCO</subfield>
    <subfield code="d">DLC</subfield>
  </datafield>
  <datafield tag="050" ind1="0" ind2="0">
    <subfield code="a">RC903</subfield>
    <subfield code="b">.K545 2016</subfield>
  </datafield>
  <datafield tag="060" ind1="0" ind2="0">
    <subfield code="a">W1</subfield>
    <subfield code="b">ME9616J v.1397 2016</subfield>
  </datafield>
  <datafield tag="060" ind1="1" ind2="0">
    <subfield code="a">WJ 25</subfield>
  </datafield>
  <datafield tag="082" ind1="0" ind2="0">
    <subfield code="a">616.6/10072</subfield>
    <subfield code="2">23</subfield>
  </datafield>
  <datafield tag="245" ind1="0" ind2="0">
    <subfield code="a">Kidney research :</subfield>
    <subfield code="b">experimental protocols /</subfield>
    <subfield code="c">edited by Tim D. Hewitson, Department of Nephrology, Royal Melbourne Hospital, Melbourne, VIC, Australia, Edward R. Smith, Department of Nephrology, Royal Melbourne Hospital, Melbourne, VIC, Australia, Stephen G. Holt, Department of Nephrology, Royal Melbourne Hospital, Melbourne, VIC, Australia,.</subfield>
  </datafield>
  <datafield tag="250" ind1=" " ind2=" ">
    <subfield code="a">Second edition.</subfield>
  </datafield>
  <datafield tag="264" ind1=" " ind2="1">
    <subfield code="a">New York :</subfield>
    <subfield code="b">Humana,</subfield>
    <subfield code="c">[2016]</subfield>
  </datafield>
  <datafield tag="264" ind1=" " ind2="4">
    <subfield code="c">©2016</subfield>
  </datafield>
  <datafield tag="300" ind1=" " ind2=" ">
    <subfield code="a">xi, 292 pages :</subfield>
    <subfield code="b">illustrations (some color) ;</subfield>
    <subfield code="c">27 cm.</subfield>
  </datafield>
  <datafield tag="336" ind1=" " ind2=" ">
    <subfield code="a">text</subfield>
    <subfield code="b">txt</subfield>
    <subfield code="2">rdacontent</subfield>
  </datafield>
  <datafield tag="337" ind1=" " ind2=" ">
    <subfield code="a">unmediated</subfield>
    <subfield code="b">n</subfield>
    <subfield code="2">rdamedia</subfield>
  </datafield>
  <datafield tag="338" ind1=" " ind2=" ">
    <subfield code="a">volume</subfield>
    <subfield code="b">nc</subfield>
    <subfield code="2">rdacarrier</subfield>
  </datafield>
  <datafield tag="490" ind1="1" ind2=" ">
    <subfield code="a">Methods in molecular biology,</subfield>
    <subfield code="x">1064-3745 ;</subfield>
    <subfield code="v">1397</subfield>
  </datafield>
  <datafield tag="490" ind1="1" ind2=" ">
    <subfield code="a">Springer protocols</subfield>
  </datafield>
  <datafield tag="504" ind1=" " ind2=" ">
    <subfield code="a">Includes bibliographical references and index.</subfield>
  </datafield>
  <datafield tag="505" ind1="0" ind2="0">
    <subfield code="t">Isolation and primary culture of murine podocytes with proven origin /</subfield>
    <subfield code="r">Bart Smeets, Nazanin Kabgani, and Marcus J. Moeller --</subfield>
    <subfield code="t">Propagation and culture of human renal fibroblasts /</subfield>
    <subfield code="r">Sven-Jean Tan and Tim D. Hewitson --</subfield>
    <subfield code="t">Isolation and propagation of rat peritoneal mesothelial cells /</subfield>
    <subfield code="r">Qin Zhou and Xueqing Yu --</subfield>
    <subfield code="t">Rat models of acute and/or chronic peritoneal injuries including peritoneal fibrosis and peritoneal dialysis complications /</subfield>
    <subfield code="r">Masashi Mizuno and Yasuhiko Ito --</subfield>
    <subfield code="t">Renal sympathetic denervation in rats /</subfield>
    <subfield code="r">Masahiro Eriguchi and Kazuhiko Tsuruya --</subfield>
    <subfield code="t">Decellularization of rat kidneys to produce extracellular matrix scaffolds /</subfield>
    <subfield code="r">Mei Jin [and others] --</subfield>
    <subfield code="t">Use of cationized ferritin nanoparticles to measure renal glomerular microstructure with MRI /</subfield>
    <subfield code="r">Kevin M. Bennett [and others] --</subfield>
    <subfield code="t">Biopsychronology : a method using live tissue staining to image cell function in the kidney /</subfield>
    <subfield code="r">Muhammad Imtiaz Ashraf [and others] --</subfield>
    <subfield code="t">Prolonged and continuous measurement of kidney oxygenation in conscious rats /</subfield>
    <subfield code="r">Maarten P. Koeners [and others] --</subfield>
    <subfield code="t">Magnetic resonance imaging (MRI) analysis of ischemia/reperfusion in experimental acute renal injury /</subfield>
    <subfield code="r">Andreas Pohlmann [and others] --</subfield>
    <subfield code="t">Assessment of renal hemodynamics and oxygenation by simultaneous magnetic resonance imaging (MRI) and quantitative invasive physiological measurements /</subfield>
    <subfield code="r">Kathleen Cantow [and others] --</subfield>
    <subfield code="t">Intravital multiphoton imaging of the kidney : tubular structure and metabolism /</subfield>
    <subfield code="r">David M. Small, Washington Y. Sanchez, and Glenda C. Gobe --</subfield>
    <subfield code="t">Old-Age problem /</subfield>
    <subfield code="r">Edward R. Smith --</subfield>
    <subfield code="t">In vitro murine model of vascular smooth muscle cell mineralization /</subfield>
    <subfield code="r">Kristen J. Kelynack and Stephen G. Holt --</subfield>
    <subfield code="t">Isolation and quantitation of fetuin-a-containing calciprotein particles from biological fluids /</subfield>
    <subfield code="r">Edward R. Smith --</subfield>
    <subfield code="t">Combining near infrared fluorescent imaging for calcification and inflammation in vascular tissue samples ex vivo /</subfield>
    <subfield code="r">Matthias Derwall --</subfield>
    <subfield code="t">Laser capture microdissection of archival kidney Tissue for qRT-PCR /</subfield>
    <subfield code="r">Tim D. Hewitson, Michael Christie, and Edward R. Smith --</subfield>
    <subfield code="t">Using phos-tag in western blotting analysis to evaluate protein phosphorylation /</subfield>
    <subfield code="r">Takahiro Horinouchi [and others] --</subfield>
    <subfield code="t">Qualitative and quantitative analysis of histone deacetylases in kidney tissue sections /</subfield>
    <subfield code="r">Katherine Ververis [and others].</subfield>
  </datafield>
  <datafield tag="520" ind1=" " ind2=" ">
    <subfield code="a">This second edition expands upon the previous volume with additional emphasis on recent innovation in basic renal research and has a more holistic approach on associated disorders such as complications associated with peritoneal dialysis, ischemic acute kidney injury, the sympathetic nervous system, and vascular calcification. The book is divided into five parts: Part I provides a number of in vitro, in vivo, and ex vivo models of kidney disease and associated complications; Part II looks at recent advances in imaging techniques; Part III covers recent developments in studying metabolism in renal ischemia and reperfusion; Part IV addresses study and measurement of vascular calcification; and Part V explores analytical techniques that are both topical and of widespread relevance to the study of experimental renal disease. Written in the highly successful Methods in Molecular Biology series format, chapters include introductions to their respective topics, lists of the necessary materials and reagents, step-by-step, readily reproducible laboratory protocols, and tips on troubleshooting and avoiding known pitfalls. Authoritative and cutting-edge, Kidney Research: Experimental Protocols, Second Edition is a valuable collection of protocols useful to new and experienced researchers who are interested in the field of Nephrology.</subfield>
  </datafield>
  <datafield tag="650" ind1=" " ind2="0">
    <subfield code="a">Kidneys</subfield>
    <subfield code="x">Diseases</subfield>
    <subfield code="x">Research</subfield>
    <subfield code="x">Methodology.</subfield>
  </datafield>
  <datafield tag="650" ind1=" " ind2="0">
    <subfield code="a">Kidneys</subfield>
    <subfield code="x">Diseases</subfield>
    <subfield code="x">Animal models.</subfield>
  </datafield>
  <datafield tag="650" ind1=" " ind2="0">
    <subfield code="a">Nephrology</subfield>
    <subfield code="v">Laboratory manuals.</subfield>
  </datafield>
  <datafield tag="650" ind1="1" ind2="2">
    <subfield code="a">Kidney Diseases</subfield>
    <subfield code="x">physiopathology</subfield>
  </datafield>
  <datafield tag="650" ind1="2" ind2="2">
    <subfield code="a">Kidney Diseases</subfield>
    <subfield code="x">complications</subfield>
  </datafield>
  <datafield tag="650" ind1="2" ind2="2">
    <subfield code="a">Clinical Laboratory Techniques</subfield>
  </datafield>
  <datafield tag="655" ind1=" " ind2="2">
    <subfield code="a">Laboratory Manuals</subfield>
  </datafield>
  <datafield tag="650" ind1=" " ind2="7">
    <subfield code="a">Kidneys</subfield>
    <subfield code="x">Diseases.</subfield>
    <subfield code="2">fast</subfield>
    <subfield code="0">(OCoLC)fst00987389</subfield>
  </datafield>
  <datafield tag="700" ind1="1" ind2=" ">
    <subfield code="a">Hewitson, Tim D.,</subfield>
    <subfield code="e">editor.</subfield>
  </datafield>
  <datafield tag="700" ind1="1" ind2=" ">
    <subfield code="a">Smith, Edward R.</subfield>
    <subfield code="c">(Nephrologist),</subfield>
    <subfield code="e">editor.</subfield>
  </datafield>
  <datafield tag="700" ind1="1" ind2=" ">
    <subfield code="a">Holt, Stephen G.,</subfield>
    <subfield code="e">editor.</subfield>
  </datafield>
  <datafield tag="830" ind1=" " ind2="0">
    <subfield code="a">Methods in molecular biology (Clifton, N.J.) ;</subfield>
    <subfield code="v">v. 1397.</subfield>
    <subfield code="x">1064-3745</subfield>
  </datafield>
  <datafield tag="830" ind1=" " ind2="0">
    <subfield code="a">Springer protocols (Series)</subfield>
    <subfield code="x">1949-2448</subfield>
  </datafield>
</record>