
<record>
  <leader>06905cam a22005177i 4500</leader>
  <controlfield tag="001">18857528</controlfield>
  <controlfield tag="005">20200103150532.0</controlfield>
  <controlfield tag="008">151116t20162016nyua     b    001 0deng c</controlfield>
  <datafield tag="906" ind1=" " ind2=" ">
    <subfield code="a">7</subfield>
    <subfield code="b">cbc</subfield>
    <subfield code="c">pccadap</subfield>
    <subfield code="d">2</subfield>
    <subfield code="e">ncip</subfield>
    <subfield code="f">20</subfield>
    <subfield code="g">y-gencatlg</subfield>
  </datafield>
  <datafield tag="925" ind1="0" ind2=" ">
    <subfield code="a">acquire</subfield>
    <subfield code="b">1 shelf copy</subfield>
    <subfield code="x">policy default</subfield>
  </datafield>
  <datafield tag="955" ind1=" " ind2=" ">
    <subfield code="a">pc17 2015-11-16</subfield>
    <subfield code="b">rl02 2016-10-18 z-processor</subfield>
    <subfield code="i">rl02 2016-10-21 to Dewey</subfield>
    <subfield code="w">xm08 2016-11-21 (telework)</subfield>
  </datafield>
  <datafield tag="010" ind1=" " ind2=" ">
    <subfield code="a">  2015957396</subfield>
  </datafield>
  <datafield tag="015" ind1=" " ind2=" ">
    <subfield code="a">GBB5E9592</subfield>
    <subfield code="2">bnb</subfield>
  </datafield>
  <datafield tag="016" ind1="7" ind2=" ">
    <subfield code="a">101683145</subfield>
    <subfield code="2">DNLM</subfield>
  </datafield>
  <datafield tag="020" ind1=" " ind2=" ">
    <subfield code="a">9781493933334</subfield>
    <subfield code="q">hardback</subfield>
    <subfield code="q">alk. paper</subfield>
  </datafield>
  <datafield tag="020" ind1=" " ind2=" ">
    <subfield code="a">1493933337</subfield>
    <subfield code="q">hardback</subfield>
    <subfield code="q">alk. paper</subfield>
  </datafield>
  <datafield tag="020" ind1=" " ind2=" ">
    <subfield code="z">9781493933358 (eBook)</subfield>
  </datafield>
  <datafield tag="035" ind1=" " ind2=" ">
    <subfield code="a">(OCoLC)ocn946067974</subfield>
  </datafield>
  <datafield tag="040" ind1=" " ind2=" ">
    <subfield code="a">NLM</subfield>
    <subfield code="b">eng</subfield>
    <subfield code="c">NLM</subfield>
    <subfield code="e">rda</subfield>
    <subfield code="d">EQO</subfield>
    <subfield code="d">OCLCF</subfield>
    <subfield code="d">NUI</subfield>
    <subfield code="d">BTCTA</subfield>
    <subfield code="d">YDXCP</subfield>
    <subfield code="d">IAL</subfield>
    <subfield code="d">OCLCO</subfield>
    <subfield code="d">DLC</subfield>
  </datafield>
  <datafield tag="050" ind1="0" ind2="0">
    <subfield code="a">QH603.C43</subfield>
    <subfield code="b">T64 2016</subfield>
  </datafield>
  <datafield tag="060" ind1="0" ind2="0">
    <subfield code="a">W1</subfield>
    <subfield code="b">ME9616J v.1390 2016</subfield>
  </datafield>
  <datafield tag="060" ind1="1" ind2="0">
    <subfield code="a">QW 25</subfield>
  </datafield>
  <datafield tag="082" ind1="0" ind2="0">
    <subfield code="a">572/.696</subfield>
    <subfield code="2">23</subfield>
  </datafield>
  <datafield tag="130" ind1="0" ind2=" ">
    <subfield code="a">Toll-like receptors (McCoy)</subfield>
  </datafield>
  <datafield tag="245" ind1="1" ind2="0">
    <subfield code="a">Toll-like receptors :</subfield>
    <subfield code="b">practice and methods /</subfield>
    <subfield code="c">edited by Claire E. McCoy.</subfield>
  </datafield>
  <datafield tag="250" ind1=" " ind2=" ">
    <subfield code="a">Second edition.</subfield>
  </datafield>
  <datafield tag="264" ind1=" " ind2="1">
    <subfield code="a">New York :</subfield>
    <subfield code="b">Humana Press,</subfield>
    <subfield code="c">[2016]</subfield>
  </datafield>
  <datafield tag="264" ind1=" " ind2="4">
    <subfield code="c">©2016.</subfield>
  </datafield>
  <datafield tag="300" ind1=" " ind2=" ">
    <subfield code="a">xiv, 455 pages :</subfield>
    <subfield code="b">illustrations ;</subfield>
    <subfield code="c">26 cm.</subfield>
  </datafield>
  <datafield tag="336" ind1=" " ind2=" ">
    <subfield code="a">text</subfield>
    <subfield code="2">rdacontent</subfield>
  </datafield>
  <datafield tag="337" ind1=" " ind2=" ">
    <subfield code="a">unmediated</subfield>
    <subfield code="2">rdamedia</subfield>
  </datafield>
  <datafield tag="338" ind1=" " ind2=" ">
    <subfield code="a">volume</subfield>
    <subfield code="2">rdacarrier</subfield>
  </datafield>
  <datafield tag="490" ind1="1" ind2=" ">
    <subfield code="a">Methods in molecular biology,</subfield>
    <subfield code="x">1064-3745 ;</subfield>
    <subfield code="v">1390</subfield>
  </datafield>
  <datafield tag="490" ind1="1" ind2=" ">
    <subfield code="a">Springer protocols</subfield>
  </datafield>
  <datafield tag="504" ind1=" " ind2=" ">
    <subfield code="a">Includes bibliographical references and index.</subfield>
  </datafield>
  <datafield tag="505" ind1="0" ind2="0">
    <subfield code="t">Toll-like receptors : ligands, cell-based models, and readouts for receptor action /</subfield>
    <subfield code="r">Jennifer K. Dowling and Jérome Dellacasagrande --</subfield>
    <subfield code="t">Bioinformatic analysis of toll-like receptor sequences and structures /</subfield>
    <subfield code="r">Tom P. Monie, Nicholas J. Gay, and Monique Gangloff --</subfield>
    <subfield code="t">Toll-like receptor interactions measured by microscopic and flow cytometric FRET /</subfield>
    <subfield code="r">Gabor L. Horvath, Pia Langhoff, and Eicke Latz --</subfield>
    <subfield code="t">Using confocal microscopy to investigate intracellular trafficking of toll-like receptors /</subfield>
    <subfield code="r">Harald Husebye and Sarah L. Doyle --</subfield>
    <subfield code="t">Assessing the inhibitory activity of oligonucleotides on TLR7 sensing /</subfield>
    <subfield code="r">Jonathan Ferrand and Michael P. Gantier --</subfield>
    <subfield code="t">Methods for delivering DNA to intracellular receptors /</subfield>
    <subfield code="r">Katryn J. Stacey [and others] --</subfield>
    <subfield code="t">Detection of interaction between toll-like receptors and other transmembrane proteins by co-immunoprecipitation assay /</subfield>
    <subfield code="r">Yu-Ran Lee, Wondae Kang, and You-Me Kim --</subfield>
    <subfield code="t">Flow cytometry-based bead-binding assay for measuring receptor ligand specificity /</subfield>
    <subfield code="r">Joris K. Sprokholt, Nina Hertoghs, and Teunis B.H. Geijtenbeek --</subfield>
    <subfield code="t">Measuring monomer-to-filament transition of MAVS as an in vitro activity assay for RIG-I-Like receptors /</subfield>
    <subfield code="r">Bin Wu, Yu-San Huoh, and Sun Hur --</subfield>
    <subfield code="t">Co-transcriptomic analysis by RNA sequencing to simultaneously measure regulated gene expression in host and bacterial pathogen /</subfield>
    <subfield code="r">Timothy Ravasi [and others] --</subfield>
    <subfield code="t">Simple methods to investigate microRNA induction in response to toll-like receptors /</subfield>
    <subfield code="r">Victoria G. Lyons and Claire E. McCoy --</subfield>
    <subfield code="t">Determining the function of long noncoding RNA in innate immunity /</subfield>
    <subfield code="r">Susan Carpenter --</subfield>
    <subfield code="t">Analysis of post-transcriptional gene regulation of nod-like receptors via the 3&apos;UTR /</subfield>
    <subfield code="r">Moritz Haneklaus --</subfield>
    <subfield code="t">TLR function in murine CD4+ T lymphocytes and their role in inflammation /</subfield>
    <subfield code="r">Stephanie Flaherty and Joseph M. Reynolds --</subfield>
    <subfield code="t">Analysis by flow cytometry of B-cell activation and antibody responses induced by toll-like receptors /</subfield>
    <subfield code="r">Egest J. Pone --</subfield>
    <subfield code="t">Toll-like receptor-dependent immune complex activation of B cells and dendritic cells /</subfield>
    <subfield code="r">Krishna L. Moody [and others] --</subfield>
    <subfield code="t">Analysis of TLR-induced metabolic changes in dendritic cells using the seahorse XFe96 extracellular flux analyzer /</subfield>
    <subfield code="r">Leonard R. Pelgrom, Alwin J. van der Ham, and Bart Everts --</subfield>
    <subfield code="t">Toll-like receptor signalling and the control of intestinal barrier function /</subfield>
    <subfield code="r">Daniel G.W. Johnston and Sinéad C. Corr --</subfield>
    <subfield code="t">Understanding the role of cellular molecular clocks in controlling the innate immune response /</subfield>
    <subfield code="r">Anne M. Curtis and Caio T. Fagundes --</subfield>
    <subfield code="t">Methods to investigate the role of toll-like receptors in allergic contact dermatitis /</subfield>
    <subfield code="r">Marc Schmidt, Matthias Goebeler, and Stefan F. Martin --</subfield>
    <subfield code="t">Allergens and activation of the toll-like receptor response /</subfield>
    <subfield code="r">Tom P. Monie and Clare E. Bryant --</subfield>
    <subfield code="t">Investigating the role of toll-like receptors in models of arthritis /</subfield>
    <subfield code="r">Anna M. Piccinini [and others] --</subfield>
    <subfield code="t">Delineating the role of toll-like receptors in the neuro- inflammation model EAE /</subfield>
    <subfield code="r">Francesca Fallarino [and others] --</subfield>
    <subfield code="t">Use of miRNA antagonists in the alleviation of inflammatory disorders /</subfield>
    <subfield code="r">Lucien P. Garo and Gopal Murugaiyan --</subfield>
    <subfield code="t">Investigating the role of toll-like receptors in mouse models of gastric cancer /</subfield>
    <subfield code="r">Alison C. West and Brendan J. Jenkins.</subfield>
  </datafield>
  <datafield tag="520" ind1="8" ind2=" ">
    <subfield code="a">Annotation</subfield>
    <subfield code="b">This second edition volume expands on the first edition with new developments on Toll-Like Receptors (TLRs) controlling events such as cross-priming of associated pattern recognition receptors, post-transcriptional regulation, interaction with other cellular and biologic systems, and cancer progression. This book is divided into five sections: Part I outlines methods for TLR detection, interaction, and intracellular trafficking; Part II describes methods and assays to investigate how TLRs cross-prime other pattern recognition receptors, including intracellular DNA receptors and inflammasome formation; Part III highlights RNA regulation, detailing how TLRs can induce RNA transcripts and molecules such as lncRNAs and microRNAs; Part IV explores TLR detection and activation in systems such as epithelial barrier function, metabolism and the circadian clock, as well as cellular systems including T and B lymphocytes; and Part V describes models to delineate the role of TLRs in diseases such as dermatitis, arthritis, and gastric cancer. Written in the highly successful &quot;Methods in Molecular Biology &quot;series format, each chapter contains a summary, a list of required materials, step-by-step, readily reproducible laboratory protocols, useful notes to investigate TLRs in cell culture, systems and disease, and tips on troubleshooting and avoiding known pitfalls.Practical and cutting-edge, &quot;Toll-Like Receptors: Methods and Protocols, Second Edition&quot; is a valuable resource to any immunologist, molecular or medical biologist working in a laboratory setting. It will add skill to both students and the more advanced molecular biologist who wishes to learn a new technique or move to a different area within their current repertoire of practical knowledge--</subfield>
    <subfield code="c">Source other than the Library of Congress.</subfield>
  </datafield>
  <datafield tag="650" ind1=" " ind2="0">
    <subfield code="a">Cell receptors.</subfield>
  </datafield>
  <datafield tag="650" ind1=" " ind2="0">
    <subfield code="a">Cellular immunity.</subfield>
  </datafield>
  <datafield tag="650" ind1="1" ind2="2">
    <subfield code="a">Toll-Like Receptors</subfield>
  </datafield>
  <datafield tag="655" ind1=" " ind2="2">
    <subfield code="a">Laboratory Manuals</subfield>
  </datafield>
  <datafield tag="650" ind1=" " ind2="7">
    <subfield code="a">Cell receptors.</subfield>
    <subfield code="2">fast</subfield>
    <subfield code="0">(OCoLC)fst00850227</subfield>
  </datafield>
  <datafield tag="650" ind1=" " ind2="7">
    <subfield code="a">Cellular immunity.</subfield>
    <subfield code="2">fast</subfield>
    <subfield code="0">(OCoLC)fst00850281</subfield>
  </datafield>
  <datafield tag="700" ind1="1" ind2=" ">
    <subfield code="a">McCoy, Claire E.,</subfield>
    <subfield code="e">editor.</subfield>
  </datafield>
  <datafield tag="830" ind1=" " ind2="0">
    <subfield code="a">Methods in molecular biology (Clifton, N.J.) ;</subfield>
    <subfield code="v">v. 1390.</subfield>
    <subfield code="x">1064-3745</subfield>
  </datafield>
  <datafield tag="830" ind1=" " ind2="0">
    <subfield code="a">Springer protocols (Series)</subfield>
    <subfield code="x">1949-2448</subfield>
  </datafield>
</record>