
<record>
  <leader>07582cam a22005417i 4500</leader>
  <controlfield tag="001">18857575</controlfield>
  <controlfield tag="005">20200103150532.0</controlfield>
  <controlfield tag="008">151116s2016    nyua     b    001 0 eng c</controlfield>
  <datafield tag="906" ind1=" " ind2=" ">
    <subfield code="a">7</subfield>
    <subfield code="b">cbc</subfield>
    <subfield code="c">pccadap</subfield>
    <subfield code="d">2</subfield>
    <subfield code="e">ncip</subfield>
    <subfield code="f">20</subfield>
    <subfield code="g">y-gencatlg</subfield>
  </datafield>
  <datafield tag="925" ind1="0" ind2=" ">
    <subfield code="a">acquire</subfield>
    <subfield code="b">1 shelf copy</subfield>
    <subfield code="x">policy default</subfield>
  </datafield>
  <datafield tag="955" ind1=" " ind2=" ">
    <subfield code="a">pc17 2015-11-16</subfield>
    <subfield code="b">rl02 2016-08-08 z-processor</subfield>
    <subfield code="i">rl02 2016-08-09 to Dewey</subfield>
    <subfield code="w">xm06 2016-08-29</subfield>
  </datafield>
  <datafield tag="010" ind1=" " ind2=" ">
    <subfield code="a">  2015957377</subfield>
  </datafield>
  <datafield tag="016" ind1="7" ind2=" ">
    <subfield code="a">101676390</subfield>
    <subfield code="2">DNLM</subfield>
  </datafield>
  <datafield tag="020" ind1=" " ind2=" ">
    <subfield code="a">9781493931811</subfield>
    <subfield code="q">(hbk : alk. paper)</subfield>
  </datafield>
  <datafield tag="020" ind1=" " ind2=" ">
    <subfield code="a">1493931814</subfield>
    <subfield code="q">(hbk : alk. paper)</subfield>
  </datafield>
  <datafield tag="020" ind1=" " ind2=" ">
    <subfield code="z">9781493931828</subfield>
    <subfield code="q">(eBook)</subfield>
  </datafield>
  <datafield tag="035" ind1=" " ind2=" ">
    <subfield code="a">(OCoLC)ocn913557041</subfield>
  </datafield>
  <datafield tag="040" ind1=" " ind2=" ">
    <subfield code="a">NLM</subfield>
    <subfield code="b">eng</subfield>
    <subfield code="c">NLM</subfield>
    <subfield code="e">rda</subfield>
    <subfield code="d">YDXCP</subfield>
    <subfield code="d">BTCTA</subfield>
    <subfield code="d">GBVCP</subfield>
    <subfield code="d">OCLCF</subfield>
    <subfield code="d">NUI</subfield>
    <subfield code="d">SHH</subfield>
    <subfield code="d">OCLCO</subfield>
    <subfield code="d">OCLCQ</subfield>
    <subfield code="d">OCLCO</subfield>
    <subfield code="d">DLC</subfield>
  </datafield>
  <datafield tag="050" ind1="0" ind2="0">
    <subfield code="a">QD96.M3</subfield>
    <subfield code="b">C54 2016</subfield>
  </datafield>
  <datafield tag="060" ind1="0" ind2="0">
    <subfield code="a">W1</subfield>
    <subfield code="b">ME9616J v.1378 2016</subfield>
  </datafield>
  <datafield tag="060" ind1="1" ind2="0">
    <subfield code="a">QY 25</subfield>
  </datafield>
  <datafield tag="082" ind1="0" ind2="0">
    <subfield code="a">616.07/56</subfield>
    <subfield code="2">23</subfield>
  </datafield>
  <datafield tag="245" ind1="0" ind2="0">
    <subfield code="a">Clinical applications of mass spectrometry in biomolecular analysis :</subfield>
    <subfield code="b">methods and protocols /</subfield>
    <subfield code="c">edited by Uttam Garg, Department of Pathology and Laboratory Medicine, Children&apos;s Mercy Hospitals and Clinics, Kansas City, MO, USA.</subfield>
  </datafield>
  <datafield tag="264" ind1=" " ind2="1">
    <subfield code="a">New York :</subfield>
    <subfield code="b">Humana Press,</subfield>
    <subfield code="c">[2016]</subfield>
  </datafield>
  <datafield tag="300" ind1=" " ind2=" ">
    <subfield code="a">xv, 333 pages :</subfield>
    <subfield code="b">illustrations ;</subfield>
    <subfield code="c">27 cm.</subfield>
  </datafield>
  <datafield tag="336" ind1=" " ind2=" ">
    <subfield code="a">text</subfield>
    <subfield code="b">txt</subfield>
    <subfield code="2">rdacontent</subfield>
  </datafield>
  <datafield tag="337" ind1=" " ind2=" ">
    <subfield code="a">unmediated</subfield>
    <subfield code="b">n</subfield>
    <subfield code="2">rdamedia</subfield>
  </datafield>
  <datafield tag="338" ind1=" " ind2=" ">
    <subfield code="a">volume</subfield>
    <subfield code="b">nc</subfield>
    <subfield code="2">rdacarrier</subfield>
  </datafield>
  <datafield tag="490" ind1="1" ind2=" ">
    <subfield code="a">Methods in molecular biology,</subfield>
    <subfield code="x">1064-3745 ;</subfield>
    <subfield code="v">volume 1378</subfield>
  </datafield>
  <datafield tag="490" ind1="1" ind2=" ">
    <subfield code="a">Springer protocols,</subfield>
    <subfield code="x">1949-2448</subfield>
  </datafield>
  <datafield tag="504" ind1=" " ind2=" ">
    <subfield code="a">Includes bibliographical references and index.</subfield>
  </datafield>
  <datafield tag="520" ind1=" " ind2=" ">
    <subfield code="a">This volume provides stepwise instructions for the analysis of numerous clinically important analytes by mass spectrometry. Mass spectrometry offers clinical laboratory scientists a number of advantages including increased sensitivity and specificity, multiple component analysis, and no need for specialized reagents. The techniques described are a must for the measurement of many clinically relevant analytes in the fields of drug analysis, endocrinology, and inborn errors of metabolism. Each chapter provides a brief introduction about a specified analyte, followed by detailed instructions on the analytical protocol. Written in the highly successful Methods in Molecular Biology series format, chapters include introductions to their respective topics, lists of the necessary materials and reagents, step-by-step, readily reproducible laboratory protocols, and tips on troubleshooting and avoiding known pitfalls. Cutting edge and practical, Clinical Applications of Mass Spectrometry in Biomolecular Analysis: Methods and Protocols is a great resource for clinical laboratory scientists who are already using or thinking of bringing mass spectrometry to their laboratories--</subfield>
    <subfield code="c">Source other than the Library of Congress.</subfield>
  </datafield>
  <datafield tag="505" ind1="8" ind2="0">
    <subfield code="t">Mass spectrometry in clinical laboratory : applications in biomolecular analysis /</subfield>
    <subfield code="r">Uttam Garg and Yan Victoria Zhang --</subfield>
    <subfield code="t">Quantification of free carnitine and acylcarnitines in plasma or serum using HPLC/MS/MS /</subfield>
    <subfield code="r">David Scott, Bryce Heese, and Uttam Garg --</subfield>
    <subfield code="t">Quantification of arginine and its methylated derivatives in plasma by high-performance liquid chromatography tandem mass spectrometry (LC-MS/MS) /</subfield>
    <subfield code="r">Faye B. Vicente [and others] --</subfield>
    <subfield code="t">Quantitation of albumin in urine by liquid chromatography tandem mass spectrometry /</subfield>
    <subfield code="r">Hemamalini Ketha and Ravinder J. Singh --</subfield>
    <subfield code="t">Quantitation of aldosterone in serum or plasma using liquid chromatography-tandem mass spectrometry (LC- MS/MS) /</subfield>
    <subfield code="r">J. Grace Van Der Gugten and Daniel T. Holmes --</subfield>
    <subfield code="t">Quantification of five clinically important amino acids by HPLC-Triple TOF 5600 based on pre-column double derivatization method /</subfield>
    <subfield code="r">Shuang Deng, David Scott, and Uttam Garg</subfield>
  </datafield>
  <datafield tag="505" ind1="8" ind2="0">
    <subfield code="t">Sensitive, simple, and robust nano-liquid chromatography-mass spectrometry method for amyloid protein subtyping /</subfield>
    <subfield code="r">Drew Payto, Courtney Heideloff, and Sihe Wang --</subfield>
    <subfield code="t">Quantitation of ubiquinone (coenzyme Q10) in serum/plasma using liquid chromatography electrospray tandem mass spectrometry (ESI-LC-MS/MS) /</subfield>
    <subfield code="r">Richard E. Mathieu Jr. and Catherine P. Riley --</subfield>
    <subfield code="t">Quantitative analysis of salivary cortisol using LC-MS/MS /</subfield>
    <subfield code="r">Yan Victoria Zhang --</subfield>
    <subfield code="t">Quantification of dihydroxyacetone phosphate (DHAP) in human red blood cells by HPLC-TripleTOF 5600 mass spectrometer /</subfield>
    <subfield code="r">Shuang Deng [and others] --</subfield>
    <subfield code="t">Simultaneous quantitation of estradiol and sstrone in serum using liquid chromatography mass spectrometry /</subfield>
    <subfield code="r">Catherine P. Riley, Richard E. Mathieu Jr., and Carmen Wiley --</subfield>
    <subfield code="t">Direct measurement of free estradiol in human serum and plasma by equilibrium dialysis-liquid chromatography-tandem mass spectrometry /</subfield>
    <subfield code="r">Julie A. Ray [and others]</subfield>
  </datafield>
  <datafield tag="505" ind1="8" ind2="0">
    <subfield code="t">High-throughput analysis of methylmalonic acid in serum, plasma, and urine by LC-MS/MS. Method for analyzing isomers without chromatographic separation /</subfield>
    <subfield code="r">Mark M. Kushnir [and others] --</subfield>
    <subfield code="t">Quantitation of 5-methyltetrahydrofolate in cerebrospinal fluid using liquid chromatography-electrospray tandem mass spectrometry /</subfield>
    <subfield code="r">Erland Arning and Teodoro Bottiglieri --</subfield>
    <subfield code="t">Quantitative organic acids in urine by two dimensional gas chromatography-time of flight mass spectrometry (GCxGC-TOFMS) /</subfield>
    <subfield code="r">Lawrence Sweetman, Paula Ashcraft, and Jeanna Bennett-Firmin --</subfield>
    <subfield code="t">High sensitivity measurement of pancreatic polypeptide and its variant in serum and plasma by LC-MS/MS /</subfield>
    <subfield code="r">Hernando Escobar [and others] --</subfield>
    <subfield code="t">Quantitation of parathyroid hormone in serum or plasma by liquid chromatography-tandem mass spectrometry /</subfield>
    <subfield code="r">Hemamalini Ketha and Ravinder J. Singh --</subfield>
    <subfield code="t">Determination of phenylalanine and tyrosine by high performance liquid chromatography-tandem mass spectrometry /</subfield>
    <subfield code="r">Judy Peat and Uttam Garg</subfield>
  </datafield>
  <datafield tag="505" ind1="8" ind2="0">
    <subfield code="t">Urine purine metabolite determination by UPLC-tandem mass spectrometry /</subfield>
    <subfield code="r">Qin Sun --</subfield>
    <subfield code="t">Urine pyrimidine metabolite determination by HPLC tandem mass spectrometry /</subfield>
    <subfield code="r">Qin Sun --</subfield>
    <subfield code="t">Quantitation of plasma renin activity in plasma using liquid chromatography-tandem mass spectrometry (LC- MS/MS) /</subfield>
    <subfield code="r">J. Grace Van Der Gugten and Daniel T. Holmes --</subfield>
    <subfield code="t">Quantitation of S-adenosylmethionine and S-adenosylhomocysteine in plasma using liquid chromatography electrospray tandem mass spectrometry /</subfield>
    <subfield code="r">Erland Arning and Teodoro Bottiglieri --</subfield>
    <subfield code="t">Simple, high-throughput method for analysis of ceramide, glucosylceramide, and ceramide trihexoside in dried blood spots by LC/MS/MS /</subfield>
    <subfield code="r">Wei-Lien Chuang, Joshua Pacheco, and Kate Zhang --</subfield>
    <subfield code="t">Quantification of dehydroepiandrosterone, 11-Deoxycortisol, 17-Hydroxyprogesterone, and testosterone by liquid chromatography-tandem mass spectrometry (LC/MS/MS) /</subfield>
    <subfield code="r">Ada Munar, Clint Frazee, and Uttam Garg</subfield>
  </datafield>
  <datafield tag="505" ind1="8" ind2="0">
    <subfield code="t">Urinary succinylacetone analysis by gas chromatography-mass spectrometry (GC-MS) /</subfield>
    <subfield code="r">Hongjie Chen and Chunli Yu --</subfield>
    <subfield code="t">Quantification of 1,25-Dihydroxyvitamin D2 and D3 in serum using liquid chromatography-tandem mass spectrometry /</subfield>
    <subfield code="r">Jonathon Mahlow, Dustin R. Bunch, and Sihe Wang --</subfield>
    <subfield code="t">High-throughput serum 25-hydroxy vitamin D testing with automated sample preparation /</subfield>
    <subfield code="r">Judy Stone --</subfield>
    <subfield code="t">Quantitation of 25-OH-Vitamin-D2 and 25-OH-Vitamin-D3 in urine using LC-MS/MS /</subfield>
    <subfield code="r">Dean C. Carlow, Ryan C. Schofield, and Michelle Denburg.</subfield>
  </datafield>
  <datafield tag="650" ind1=" " ind2="0">
    <subfield code="a">Mass spectrometry.</subfield>
  </datafield>
  <datafield tag="650" ind1=" " ind2="0">
    <subfield code="a">Clinical chemistry.</subfield>
  </datafield>
  <datafield tag="650" ind1="1" ind2="2">
    <subfield code="a">Mass Spectrometry</subfield>
    <subfield code="x">methods.</subfield>
  </datafield>
  <datafield tag="650" ind1="2" ind2="2">
    <subfield code="a">Clinical Laboratory Techniques</subfield>
    <subfield code="x">methods.</subfield>
  </datafield>
  <datafield tag="650" ind1="2" ind2="2">
    <subfield code="a">Chromatography, Liquid.</subfield>
  </datafield>
  <datafield tag="655" ind1=" " ind2="2">
    <subfield code="a">Laboratory Manuals.</subfield>
  </datafield>
  <datafield tag="650" ind1=" " ind2="7">
    <subfield code="a">Clinical chemistry.</subfield>
    <subfield code="2">fast</subfield>
    <subfield code="0">(OCoLC)fst00864330</subfield>
  </datafield>
  <datafield tag="650" ind1=" " ind2="7">
    <subfield code="a">Mass spectrometry.</subfield>
    <subfield code="2">fast</subfield>
    <subfield code="0">(OCoLC)fst01011435</subfield>
  </datafield>
  <datafield tag="700" ind1="1" ind2=" ">
    <subfield code="a">Garg, Uttam,</subfield>
    <subfield code="e">editor.</subfield>
  </datafield>
  <datafield tag="830" ind1=" " ind2="0">
    <subfield code="a">Methods in molecular biology (Clifton, N.J.) ;</subfield>
    <subfield code="v">v. 1378.</subfield>
    <subfield code="x">1064-3745</subfield>
  </datafield>
  <datafield tag="830" ind1=" " ind2="0">
    <subfield code="a">Springer protocols (Series)</subfield>
    <subfield code="x">1949-2448</subfield>
  </datafield>
</record>