
<record>
  <leader>02472cam a22003137i 4500</leader>
  <controlfield tag="001">18857615</controlfield>
  <controlfield tag="005">20200103120830.0</controlfield>
  <controlfield tag="008">151116t20152015utu      b    000 0 eng c</controlfield>
  <datafield tag="906" ind1=" " ind2=" ">
    <subfield code="a">7</subfield>
    <subfield code="b">cbc</subfield>
    <subfield code="c">pccadap</subfield>
    <subfield code="d">2</subfield>
    <subfield code="e">ncip</subfield>
    <subfield code="f">20</subfield>
    <subfield code="g">y-gencatlg</subfield>
  </datafield>
  <datafield tag="925" ind1="0" ind2=" ">
    <subfield code="a">acquire</subfield>
    <subfield code="b">1 shelf copies</subfield>
    <subfield code="x">policy default</subfield>
  </datafield>
  <datafield tag="955" ind1=" " ind2=" ">
    <subfield code="b">rk07 2015-11-16 z-processor</subfield>
    <subfield code="i">rk07 2015-11-19 to CALM</subfield>
  </datafield>
  <datafield tag="010" ind1=" " ind2=" ">
    <subfield code="a">  2015487635</subfield>
  </datafield>
  <datafield tag="020" ind1=" " ind2=" ">
    <subfield code="a">9781621088752</subfield>
  </datafield>
  <datafield tag="020" ind1=" " ind2=" ">
    <subfield code="a">1621088758</subfield>
  </datafield>
  <datafield tag="035" ind1=" " ind2=" ">
    <subfield code="a">(OCoLC)ocn900446765</subfield>
  </datafield>
  <datafield tag="040" ind1=" " ind2=" ">
    <subfield code="a">BTCTA</subfield>
    <subfield code="b">eng</subfield>
    <subfield code="c">BTCTA</subfield>
    <subfield code="e">rda</subfield>
    <subfield code="d">UBY</subfield>
    <subfield code="d">OCLCO</subfield>
    <subfield code="d">DLC</subfield>
  </datafield>
  <datafield tag="050" ind1="0" ind2="0">
    <subfield code="a">BX8643.S93</subfield>
    <subfield code="b">I2 2015</subfield>
  </datafield>
  <datafield tag="245" ind1="0" ind2="0">
    <subfield code="a">I can do hard things with God :</subfield>
    <subfield code="b">essays of strength from Mormon women /</subfield>
    <subfield code="c">compiled by Ganel-Lyn Condie ; with foreword by Richard Paul Evans.</subfield>
  </datafield>
  <datafield tag="264" ind1=" " ind2="1">
    <subfield code="a">American Fork, Utah :</subfield>
    <subfield code="b">Covenant Communications, Inc.,</subfield>
    <subfield code="c">[2015]</subfield>
  </datafield>
  <datafield tag="264" ind1=" " ind2="4">
    <subfield code="c">©2015</subfield>
  </datafield>
  <datafield tag="300" ind1=" " ind2=" ">
    <subfield code="a">xiv, 198 pages ;</subfield>
    <subfield code="c">23 cm</subfield>
  </datafield>
  <datafield tag="336" ind1=" " ind2=" ">
    <subfield code="a">text</subfield>
    <subfield code="2">rdacontent</subfield>
  </datafield>
  <datafield tag="337" ind1=" " ind2=" ">
    <subfield code="a">unmediated</subfield>
    <subfield code="2">rdamedia</subfield>
  </datafield>
  <datafield tag="338" ind1=" " ind2=" ">
    <subfield code="a">volume</subfield>
    <subfield code="2">rdacarrier</subfield>
  </datafield>
  <datafield tag="504" ind1=" " ind2=" ">
    <subfield code="a">Includes bibliographical references.</subfield>
  </datafield>
  <datafield tag="505" ind1="0" ind2=" ">
    <subfield code="a">Suicide : no more hiding / by Ganel-Lyn Condie -- Chronic illness : an essay about being sick. Very sick. For a very long time / by Kylie Turley -- Blindness : seeing with a disability / by Kris Belcher -- Financial stressors : will you be poor for me? / by Andrea Palmer -- Life after depression, divorce, and bankruptcy / by Barbara Matthews -- Choosing charity when children choose a different path / by Alice Ann Weber -- Death of a baby : the miracle and memory of little Madilyn / by Heather Jenson Hodge -- Infertility : he did for me what I could not do for myself / by Carrie Ann Oscarson Rhodes -- Hearing loss but hearing his voice / by Kate Cowan -- It&apos;s AA, not ADD : my son&apos;s journey with autism and anxiety / by Liz Schultz -- Death of my husband : finding my happily ever after again / by Lorraine Robinson Mason -- Living with bipolar depression and anxiety / by Elizabeth Harris -- Spouse&apos;s mental illness : you&apos;re the one who&apos;s bipolar, so how come I&apos;m going crazy? / by Laryssa Waldron -- Singlehood / by Betsy Ferguson -- Unexpected loneliness in the east / by Linn Allen -- Examples of strength : history has shown we all can do hard things / by Michelle Leonard -- Adversity : the mark of gold upon our souls / by Shelly Locke.</subfield>
  </datafield>
  <datafield tag="650" ind1=" " ind2="0">
    <subfield code="a">Suffering</subfield>
    <subfield code="x">Religious aspects</subfield>
    <subfield code="x">Church of Jesus Christ of Latter-day Saints.</subfield>
  </datafield>
  <datafield tag="650" ind1=" " ind2="0">
    <subfield code="a">Grief</subfield>
    <subfield code="x">Religious aspects</subfield>
    <subfield code="x">Church of Jesus Christ of Latter-day Saints.</subfield>
  </datafield>
  <datafield tag="700" ind1="1" ind2=" ">
    <subfield code="a">Condie, Ganel-Lyn,</subfield>
    <subfield code="e">compiler.</subfield>
  </datafield>
</record>