
<record>
  <leader>02161cam a22003137a 4500</leader>
  <controlfield tag="001">18863469</controlfield>
  <controlfield tag="005">20200103120833.0</controlfield>
  <controlfield tag="008">151118s2015    gw ab    b    000 0 ger  </controlfield>
  <datafield tag="906" ind1=" " ind2=" ">
    <subfield code="a">7</subfield>
    <subfield code="b">cbc</subfield>
    <subfield code="c">origres</subfield>
    <subfield code="d">3</subfield>
    <subfield code="e">ncip</subfield>
    <subfield code="f">20</subfield>
    <subfield code="g">y-gencatlg</subfield>
  </datafield>
  <datafield tag="925" ind1="0" ind2=" ">
    <subfield code="a">acquire</subfield>
    <subfield code="b">1 shelf copy</subfield>
    <subfield code="x">policy default</subfield>
  </datafield>
  <datafield tag="955" ind1=" " ind2=" ">
    <subfield code="b">rk11 2015-11-18 z-processor</subfield>
    <subfield code="i">rk11 2015-11-18 to BCCD</subfield>
  </datafield>
  <datafield tag="010" ind1=" " ind2=" ">
    <subfield code="a">  2015487462</subfield>
  </datafield>
  <datafield tag="020" ind1=" " ind2=" ">
    <subfield code="a">9783631658741</subfield>
  </datafield>
  <datafield tag="020" ind1=" " ind2=" ">
    <subfield code="a">3631658745</subfield>
  </datafield>
  <datafield tag="040" ind1=" " ind2=" ">
    <subfield code="a">DLC</subfield>
    <subfield code="c">DLC</subfield>
    <subfield code="d">DLC</subfield>
  </datafield>
  <datafield tag="043" ind1=" " ind2=" ">
    <subfield code="a">f------</subfield>
  </datafield>
  <datafield tag="050" ind1="0" ind2="0">
    <subfield code="a">NX180.P67</subfield>
    <subfield code="b">R63 2016</subfield>
  </datafield>
  <datafield tag="100" ind1="1" ind2=" ">
    <subfield code="a">Rodatus, Verena.</subfield>
  </datafield>
  <datafield tag="245" ind1="1" ind2="0">
    <subfield code="a">Postkoloniale Positionen? :</subfield>
    <subfield code="b">die Biennale DAK&apos;ART im Kontext des internationalen Kunstbetriebs /</subfield>
    <subfield code="c">Verena Rodatus.</subfield>
  </datafield>
  <datafield tag="260" ind1=" " ind2=" ">
    <subfield code="a">Frankfurt am Main ;</subfield>
    <subfield code="a">New York:</subfield>
    <subfield code="b">PL Academic Research,</subfield>
    <subfield code="c">c2015.</subfield>
  </datafield>
  <datafield tag="300" ind1=" " ind2=" ">
    <subfield code="a">229 p. :</subfield>
    <subfield code="b">ill. (some col.), maps ;</subfield>
    <subfield code="c">21 cm.</subfield>
  </datafield>
  <datafield tag="490" ind1="1" ind2=" ">
    <subfield code="a">Transpekte : Transdisziplinäre Perspektiven der Sozial- und Kulturwissenschaften ;</subfield>
    <subfield code="v">Bd. 8 =</subfield>
    <subfield code="a">Transpects : Transdisciplinary Perspectives of the Social Sciences and Humanities ;</subfield>
    <subfield code="v">vol. 8</subfield>
  </datafield>
  <datafield tag="520" ind1="8" ind2=" ">
    <subfield code="a">Das Buch ist ein aktueller Beitrag zur Debatte um postkoloniale Perspektiven in der Kunstwissenschaft. Im Zentrum steht die DAKART Biennale, an der sich ein gängiges identitätspolitisches Dilemma zeigt: Künstlerinnen und Künstler vom afrikanischen Kontinent müssen oft nicht nur &apos;zeitgenössisch&apos;, sondern auch &apos;afrikanisch&apos; sein, um im internationalen, aber weiter westlich dominierten Kunstbetrieb Anerkennung zu erhalten. Aus einer postkolonialen und gendertheoretischen Perspektive argumentiert die Autorin, dass diese Problematik im Kontext des tradierten Primitivismusdiskurses zu sehen ist. In einer differenzierten Ausstellungsanalyse fragt sie nach kritischen künstlerischen und kuratorischen Strategien der DAKART 2006 und entwickelt daraus Vorschläge fü zeitgemäse kuratorische Ansätze.</subfield>
  </datafield>
  <datafield tag="500" ind1=" " ind2=" ">
    <subfield code="a">Originally presented as the author&apos;s thesis (doctoral--Universität Oldenburg, 2013).</subfield>
  </datafield>
  <datafield tag="504" ind1=" " ind2=" ">
    <subfield code="a">Includes bibliographical references (p. 189-210).</subfield>
  </datafield>
  <datafield tag="650" ind1=" " ind2="0">
    <subfield code="a">Postcolonialism and the arts</subfield>
    <subfield code="z">Africa.</subfield>
  </datafield>
  <datafield tag="650" ind1=" " ind2="0">
    <subfield code="a">Art, African</subfield>
    <subfield code="x">Marketing.</subfield>
  </datafield>
  <datafield tag="611" ind1="2" ind2="0">
    <subfield code="a">Dak&apos;art (Exhibition)</subfield>
  </datafield>
  <datafield tag="830" ind1=" " ind2="0">
    <subfield code="a">Transpekte ;</subfield>
    <subfield code="v">Bd. 8.</subfield>
  </datafield>
</record>