
<record>
  <leader>02982cam a2200493 i 4500</leader>
  <controlfield tag="001">18868988</controlfield>
  <controlfield tag="005">20200103174340.0</controlfield>
  <controlfield tag="008">151123s1968    ai       b    000 0 rus d</controlfield>
  <datafield tag="906" ind1=" " ind2=" ">
    <subfield code="a">0</subfield>
    <subfield code="b">ibc</subfield>
    <subfield code="c">copycat</subfield>
    <subfield code="d">2</subfield>
    <subfield code="e">ncip</subfield>
    <subfield code="f">20</subfield>
    <subfield code="g">y-gencatlg</subfield>
  </datafield>
  <datafield tag="925" ind1="0" ind2=" ">
    <subfield code="a">Acquire</subfield>
    <subfield code="b">1 shelf copy</subfield>
    <subfield code="x">policy default</subfield>
  </datafield>
  <datafield tag="955" ind1=" " ind2=" ">
    <subfield code="b">cd16 2015-11-23</subfield>
    <subfield code="a">cd00 2015-11-23 to ASME/IJ</subfield>
    <subfield code="b">cd24 2020-01-03 z-processor JACKPHY</subfield>
    <subfield code="a">cd24 2020-01-03</subfield>
    <subfield code="i">cd24 2020-01-03</subfield>
  </datafield>
  <datafield tag="010" ind1=" " ind2=" ">
    <subfield code="a">  2015492256</subfield>
  </datafield>
  <datafield tag="016" ind1="7" ind2=" ">
    <subfield code="a">019572641</subfield>
    <subfield code="2">Uk</subfield>
  </datafield>
  <datafield tag="035" ind1=" " ind2=" ">
    <subfield code="a">(OCoLC)ocm15113500</subfield>
  </datafield>
  <datafield tag="040" ind1=" " ind2=" ">
    <subfield code="a">AUM</subfield>
    <subfield code="b">eng</subfield>
    <subfield code="c">AUM</subfield>
    <subfield code="e">rda</subfield>
    <subfield code="d">CLU</subfield>
    <subfield code="d">OCLCQ</subfield>
    <subfield code="d">OCLCG</subfield>
    <subfield code="d">OCLCQ</subfield>
    <subfield code="d">OCLCA</subfield>
    <subfield code="d">OCLCF</subfield>
    <subfield code="d">OCLCO</subfield>
    <subfield code="d">OCLCQ</subfield>
    <subfield code="d">CLU</subfield>
    <subfield code="d">OCL</subfield>
    <subfield code="d">UKMGB</subfield>
    <subfield code="d">DLC</subfield>
  </datafield>
  <datafield tag="041" ind1="1" ind2=" ">
    <subfield code="a">rus</subfield>
    <subfield code="h">arm</subfield>
  </datafield>
  <datafield tag="042" ind1=" " ind2=" ">
    <subfield code="a">lccopycat</subfield>
  </datafield>
  <datafield tag="050" ind1="0" ind2="0">
    <subfield code="a">BT1115</subfield>
    <subfield code="b">.E93175 1968</subfield>
  </datafield>
  <datafield tag="100" ind1="0" ind2=" ">
    <subfield code="6">880-01</subfield>
    <subfield code="a">Eznik,</subfield>
    <subfield code="c">Koghbatsʻi, Bishop of Bagrewand,</subfield>
    <subfield code="d">active 5th century,</subfield>
    <subfield code="e">author.</subfield>
  </datafield>
  <datafield tag="880" ind1="0" ind2=" ">
    <subfield code="6">100-01</subfield>
    <subfield code="a">Եզնիկ,</subfield>
    <subfield code="c">Կողբացի, Bishop of Բագրեւանդ,</subfield>
    <subfield code="d">active 5th century,</subfield>
    <subfield code="e">author.</subfield>
  </datafield>
  <datafield tag="240" ind1="1" ind2="0">
    <subfield code="6">880-02</subfield>
    <subfield code="a">Eghts aghandotsʻ.</subfield>
    <subfield code="l">Russian</subfield>
  </datafield>
  <datafield tag="880" ind1="1" ind2="0">
    <subfield code="6">240-02</subfield>
    <subfield code="a">Եղծ աղանդոց.</subfield>
    <subfield code="l">Russian</subfield>
  </datafield>
  <datafield tag="245" ind1="1" ind2="0">
    <subfield code="6">880-03</subfield>
    <subfield code="a">Kniga oproverzheniĭ :</subfield>
    <subfield code="b">(o dobre i zle) /</subfield>
    <subfield code="c">Eznik Kokhbat︠s︡i ; Perevod, predislovie, i primechanii︠a︡ V.K. Chaloi︠a︡na = Girkʻ herkʻmantsʻ : (haghags barwoy ew zari) / Eznkay Koghbatsʻwoy ; tʻargmanutʻyun, aṛajaban ev tsanotʻagrutʻyunner V.K. Chʻaloyani.</subfield>
  </datafield>
  <datafield tag="880" ind1="1" ind2="0">
    <subfield code="6">245-03</subfield>
    <subfield code="a">Книга опровержений :</subfield>
    <subfield code="b">(о добре и зле) /</subfield>
    <subfield code="c">Езник Кохбаци ; Перевод, предисловие, и примечания В.К. Чалояна = Գիրք հերքմանց : (յաղագս բարւոյ եւ չարի) / Եզնիկ Կողբացւոյ ; թարգմանություն առաջաբան և ծանոթագրություններ Վ.Կ. Չալոյանի.</subfield>
  </datafield>
  <datafield tag="246" ind1="1" ind2="5">
    <subfield code="6">880-04</subfield>
    <subfield code="a">Girkʻ herkʻmantsʻ :</subfield>
    <subfield code="b">haghags barwoy ew chʻari</subfield>
  </datafield>
  <datafield tag="880" ind1="1" ind2="5">
    <subfield code="6">246-04</subfield>
    <subfield code="a">Գիրք հերքմանց :</subfield>
    <subfield code="b">յաղագս բարւոյ եւ չարի</subfield>
  </datafield>
  <datafield tag="246" ind1="3" ind2="0">
    <subfield code="6">880-05</subfield>
    <subfield code="a">O dobre i zle</subfield>
  </datafield>
  <datafield tag="880" ind1="3" ind2="0">
    <subfield code="6">246-05</subfield>
    <subfield code="a">О добре и зле</subfield>
  </datafield>
  <datafield tag="246" ind1="3" ind2="0">
    <subfield code="6">880-06</subfield>
    <subfield code="a">Haghags barwoy ew chʻari</subfield>
  </datafield>
  <datafield tag="880" ind1="3" ind2="0">
    <subfield code="6">246-06</subfield>
    <subfield code="a">Յաղագս բարւոյ եւ չարի</subfield>
  </datafield>
  <datafield tag="264" ind1=" " ind2="1">
    <subfield code="6">880-07</subfield>
    <subfield code="a">Erevan :</subfield>
    <subfield code="b">Izdatelʹstvo AN Armi︠a︡nskoĭ SSR,</subfield>
    <subfield code="c">1968.</subfield>
  </datafield>
  <datafield tag="880" ind1=" " ind2="1">
    <subfield code="6">264-07</subfield>
    <subfield code="a">Ереван :</subfield>
    <subfield code="b">Издательство АН Армянской ССР,</subfield>
    <subfield code="c">1968.</subfield>
  </datafield>
  <datafield tag="300" ind1=" " ind2=" ">
    <subfield code="a">172 pages ;</subfield>
    <subfield code="c">21 cm</subfield>
  </datafield>
  <datafield tag="336" ind1=" " ind2=" ">
    <subfield code="a">text</subfield>
    <subfield code="b">txt</subfield>
    <subfield code="2">rdacontent</subfield>
  </datafield>
  <datafield tag="337" ind1=" " ind2=" ">
    <subfield code="a">unmediated</subfield>
    <subfield code="b">n</subfield>
    <subfield code="2">rdamedia</subfield>
  </datafield>
  <datafield tag="338" ind1=" " ind2=" ">
    <subfield code="a">volume</subfield>
    <subfield code="b">nc</subfield>
    <subfield code="2">rdacarrier</subfield>
  </datafield>
  <datafield tag="546" ind1=" " ind2=" ">
    <subfield code="a">In Russian; translated from Armenian.</subfield>
  </datafield>
  <datafield tag="500" ind1=" " ind2=" ">
    <subfield code="6">880-08</subfield>
    <subfield code="a">At head of title: Akademii︠a︡ nauk Armi︠a︡nskoĭ SSR. Sektor filosofii i prava.</subfield>
  </datafield>
  <datafield tag="880" ind1=" " ind2=" ">
    <subfield code="6">500-08</subfield>
    <subfield code="a">At head of title: Академия наук Армянской ССР, Сектор философии и права.</subfield>
  </datafield>
  <datafield tag="500" ind1=" " ind2=" ">
    <subfield code="a">Errata slip inserted.</subfield>
  </datafield>
  <datafield tag="504" ind1=" " ind2=" ">
    <subfield code="a">Includes bibliographical references (pages 171-173).</subfield>
  </datafield>
  <datafield tag="650" ind1=" " ind2="0">
    <subfield code="a">Apologetics</subfield>
    <subfield code="v">Early works to 1800.</subfield>
  </datafield>
  <datafield tag="700" ind1="1" ind2=" ">
    <subfield code="a">Chʻaloyan, Vazgen Karapeti,</subfield>
    <subfield code="e">translator.</subfield>
  </datafield>
  <datafield tag="923" ind1=" " ind2=" ">
    <subfield code="s">David Hirsch (UCLA)</subfield>
    <subfield code="x">Exchange</subfield>
  </datafield>
</record>