
<record>
  <leader>02200cam a2200385 i 4500</leader>
  <controlfield tag="001">18871431</controlfield>
  <controlfield tag="005">20200103123019.0</controlfield>
  <controlfield tag="008">151125s2015    io       b    000 0 ind  </controlfield>
  <datafield tag="906" ind1=" " ind2=" ">
    <subfield code="a">7</subfield>
    <subfield code="b">cbc</subfield>
    <subfield code="c">origode</subfield>
    <subfield code="d">3</subfield>
    <subfield code="e">ncip</subfield>
    <subfield code="f">20</subfield>
    <subfield code="g">y-gencatlg</subfield>
  </datafield>
  <datafield tag="925" ind1="0" ind2=" ">
    <subfield code="a">acquire</subfield>
    <subfield code="b">1 shelf copy</subfield>
    <subfield code="x">policy default</subfield>
  </datafield>
  <datafield tag="955" ind1=" " ind2=" ">
    <subfield code="a">wj40 2015-11-25</subfield>
    <subfield code="b">wj43 2016-02-27 received for cataloging</subfield>
    <subfield code="i">wj15 2019-02-02 to ASME</subfield>
    <subfield code="e">cm10 2020-01-03 Telework to BCCD</subfield>
  </datafield>
  <datafield tag="010" ind1=" " ind2=" ">
    <subfield code="a">  2015312261</subfield>
  </datafield>
  <datafield tag="020" ind1=" " ind2=" ">
    <subfield code="a">9786029839036</subfield>
  </datafield>
  <datafield tag="040" ind1=" " ind2=" ">
    <subfield code="a">DLC</subfield>
    <subfield code="b">eng</subfield>
    <subfield code="c">DLC</subfield>
    <subfield code="e">rda</subfield>
    <subfield code="d">DLC</subfield>
  </datafield>
  <datafield tag="042" ind1=" " ind2=" ">
    <subfield code="a">lcode</subfield>
    <subfield code="a">pcc</subfield>
  </datafield>
  <datafield tag="043" ind1=" " ind2=" ">
    <subfield code="a">a-io---</subfield>
  </datafield>
  <datafield tag="050" ind1="0" ind2="0">
    <subfield code="a">BP63.I5</subfield>
    <subfield code="b">I8492 2015</subfield>
  </datafield>
  <datafield tag="245" ind1="0" ind2="0">
    <subfield code="a">Islam Nusantara :</subfield>
    <subfield code="b">meluruskan kesalahpahaman /</subfield>
    <subfield code="c">K.H. Abdurrahman Wahid [and eight others] ; penyelaras, Harianto Oghie, Fatkhu Yasik ; epilog, H.Z. Arifin Junaidi.</subfield>
  </datafield>
  <datafield tag="250" ind1=" " ind2=" ">
    <subfield code="a">Cetakan pertama.</subfield>
  </datafield>
  <datafield tag="264" ind1=" " ind2="1">
    <subfield code="a">Menteng, Jakarta :</subfield>
    <subfield code="b">Lembaga Pendidikan Ma&apos;arif, Nahdlatul Ulama,</subfield>
    <subfield code="c">2015.</subfield>
  </datafield>
  <datafield tag="300" ind1=" " ind2=" ">
    <subfield code="a">vi, 106 pages ;</subfield>
    <subfield code="c">23 cm</subfield>
  </datafield>
  <datafield tag="336" ind1=" " ind2=" ">
    <subfield code="a">text</subfield>
    <subfield code="2">rdacontent</subfield>
  </datafield>
  <datafield tag="337" ind1=" " ind2=" ">
    <subfield code="a">unmediated</subfield>
    <subfield code="2">rdamedia</subfield>
  </datafield>
  <datafield tag="338" ind1=" " ind2=" ">
    <subfield code="a">volume</subfield>
    <subfield code="2">rdacarrier</subfield>
  </datafield>
  <datafield tag="504" ind1=" " ind2=" ">
    <subfield code="a">Includes bibliographical references.</subfield>
  </datafield>
  <datafield tag="505" ind1="0" ind2=" ">
    <subfield code="a">Pribumisasi Islam / K.H. Abdurrahman Wahid -- Islam Nusantara manifestasi Islam otentik / Dr. K.H. A. Mustofa Bisri -- Urgensi kajian Islam Nusantara / Prof. Dr. K.H. Said Aqil Siroj, M.A. -- Islam, NU, dan Nusantara / Prof. Dr. M. Isom Yusqi -- Menghidupkan kembali ajaran autentik Islam Nusantara / Dr. M. Ulinnuha Khusnan -- Meneguhkan Islam Nusantara untuk peradaban Indonesia dan dunia / K.H. Afifuddin Muhajir -- Islam Nusantara perspektif tradisi pemikiran Nahdlatul Ulama / Sulthon Fatoni, M.Si. -- Dakwah Islam Nusantara / Abdul Moqsith Ghazali -- Membumikan Islam Nusantara / K.H. M. Hasan Mutawakkil Alallah -- Islam Nusantara adalah kita / H.Z. Arifin Junaidi.</subfield>
  </datafield>
  <datafield tag="520" ind1=" " ind2=" ">
    <subfield code="a">Sociocultural aspects of Islam in Indonesia; collection of articles.</subfield>
  </datafield>
  <datafield tag="546" ind1=" " ind2=" ">
    <subfield code="a">In Indonesian.</subfield>
  </datafield>
  <datafield tag="650" ind1=" " ind2="0">
    <subfield code="a">Islam</subfield>
    <subfield code="z">Indonesia.</subfield>
  </datafield>
  <datafield tag="650" ind1=" " ind2="0">
    <subfield code="a">Islam</subfield>
    <subfield code="x">Social aspects</subfield>
    <subfield code="z">Indonesia.</subfield>
  </datafield>
  <datafield tag="700" ind1="1" ind2=" ">
    <subfield code="a">Wahid, Abdurrahman,</subfield>
    <subfield code="d">1940-2009,</subfield>
    <subfield code="e">author.</subfield>
  </datafield>
  <datafield tag="700" ind1="1" ind2=" ">
    <subfield code="a">Oghie, Harianto,</subfield>
    <subfield code="e">editor.</subfield>
  </datafield>
  <datafield tag="700" ind1="1" ind2=" ">
    <subfield code="a">Yasik, Fatkhu,</subfield>
    <subfield code="e">editor.</subfield>
  </datafield>
  <datafield tag="710" ind1="2" ind2=" ">
    <subfield code="a">N.U. (Organization).</subfield>
    <subfield code="b">Lembaga Pendidikan Ma&apos;arif,</subfield>
    <subfield code="e">issuing body,</subfield>
    <subfield code="e">publisher.</subfield>
  </datafield>
  <datafield tag="985" ind1=" " ind2=" ">
    <subfield code="e">ODE-jk</subfield>
  </datafield>
</record>