
<record>
  <leader>01824cam a22003017i 4500</leader>
  <controlfield tag="001">18871610</controlfield>
  <controlfield tag="005">20200103120835.0</controlfield>
  <controlfield tag="008">151125t20152015utua          000 0 eng c</controlfield>
  <datafield tag="906" ind1=" " ind2=" ">
    <subfield code="a">7</subfield>
    <subfield code="b">cbc</subfield>
    <subfield code="c">pccadap</subfield>
    <subfield code="d">2</subfield>
    <subfield code="e">ncip</subfield>
    <subfield code="f">20</subfield>
    <subfield code="g">y-gencatlg</subfield>
  </datafield>
  <datafield tag="925" ind1="0" ind2=" ">
    <subfield code="a">acquire</subfield>
    <subfield code="b">1 shelf copies</subfield>
    <subfield code="x">policy default</subfield>
  </datafield>
  <datafield tag="955" ind1=" " ind2=" ">
    <subfield code="b">rm05 2015-11-25 z-processor</subfield>
    <subfield code="i">rm05 2015-11-30 to CALM</subfield>
  </datafield>
  <datafield tag="010" ind1=" " ind2=" ">
    <subfield code="a">  2015303321</subfield>
  </datafield>
  <datafield tag="020" ind1=" " ind2=" ">
    <subfield code="a">9781680471250 (hbk)</subfield>
  </datafield>
  <datafield tag="020" ind1=" " ind2=" ">
    <subfield code="a">1680471252 (hbk)</subfield>
  </datafield>
  <datafield tag="035" ind1=" " ind2=" ">
    <subfield code="a">(OCoLC)ocn906963615</subfield>
  </datafield>
  <datafield tag="040" ind1=" " ind2=" ">
    <subfield code="a">UPZ</subfield>
    <subfield code="b">eng</subfield>
    <subfield code="c">UPZ</subfield>
    <subfield code="e">rda</subfield>
    <subfield code="d">UBY</subfield>
    <subfield code="d">DLC</subfield>
  </datafield>
  <datafield tag="050" ind1="0" ind2="0">
    <subfield code="a">BX8643.W66</subfield>
    <subfield code="b">.F66 2015</subfield>
  </datafield>
  <datafield tag="245" ind1="0" ind2="0">
    <subfield code="a">For heart and soul :</subfield>
    <subfield code="b">heartwarming true stories to feed a woman&apos;s soul.</subfield>
  </datafield>
  <datafield tag="264" ind1=" " ind2="1">
    <subfield code="a">American Fork, Utah :</subfield>
    <subfield code="b">Covenant Communications, Inc.,</subfield>
    <subfield code="c">[2015]</subfield>
  </datafield>
  <datafield tag="264" ind1=" " ind2="4">
    <subfield code="c">©2015</subfield>
  </datafield>
  <datafield tag="300" ind1=" " ind2=" ">
    <subfield code="a">76 pages :</subfield>
    <subfield code="b">color illustrations ;</subfield>
    <subfield code="c">21 cm</subfield>
  </datafield>
  <datafield tag="336" ind1=" " ind2=" ">
    <subfield code="a">text</subfield>
    <subfield code="b">txt</subfield>
    <subfield code="2">rdacontent</subfield>
  </datafield>
  <datafield tag="337" ind1=" " ind2=" ">
    <subfield code="a">unmediated</subfield>
    <subfield code="b">n</subfield>
    <subfield code="2">rdamedia</subfield>
  </datafield>
  <datafield tag="338" ind1=" " ind2=" ">
    <subfield code="a">volume</subfield>
    <subfield code="b">nc</subfield>
    <subfield code="2">rdacarrier</subfield>
  </datafield>
  <datafield tag="505" ind1="0" ind2=" ">
    <subfield code="a">Mother, are we poor? / by Lucile Johnson -- An angel mother / by Ed J. Pinegar -- How to peel an orange : a lesson in mothering / by Jodi Marie Robinson -- One of a kind / by Kyle Whittingham -- Somebody loves you / by Lucile Johnson -- Holding hands / by Jordan Marie Green -- Motherhood&apos;s guilty pleasures / by Jodi Marie Robinson -- A simple kitchen towel / by Lucile Johnson -- Do the best you can / by Lucile Johnson -- Calling her Mom / by Janette Rallison -- Angel cinnamon rolls / by Lucile Johnson -- As I have loved you / by Kitty de Ruyter-Bons</subfield>
  </datafield>
  <datafield tag="520" ind1=" " ind2=" ">
    <subfield code="a">An inspiring celebration of womanhood filled with astute advice, delicious recipes, and inspiring stories by Lucile Johnson, Ed J. Pinegar, Jodi Marie Robinson, Kyle Whittingham and others.</subfield>
  </datafield>
  <datafield tag="650" ind1=" " ind2="0">
    <subfield code="a">Motherhood</subfield>
    <subfield code="x">Religious aspects</subfield>
    <subfield code="x">Church of Jesus Christ of Latter-day Saints</subfield>
    <subfield code="v">Anecdotes.</subfield>
  </datafield>
  <datafield tag="650" ind1=" " ind2="0">
    <subfield code="a">Mothers</subfield>
    <subfield code="x">Religious life</subfield>
    <subfield code="v">Anecdotes.</subfield>
  </datafield>
</record>