
<record>
  <leader>02359cam a22003617i 4500</leader>
  <controlfield tag="001">18877205</controlfield>
  <controlfield tag="005">20200103120843.0</controlfield>
  <controlfield tag="008">151201s2015    sz a     b    111 0 eng  </controlfield>
  <datafield tag="906" ind1=" " ind2=" ">
    <subfield code="a">7</subfield>
    <subfield code="b">cbc</subfield>
    <subfield code="c">orignew</subfield>
    <subfield code="d">4</subfield>
    <subfield code="e">ncip</subfield>
    <subfield code="f">20</subfield>
    <subfield code="g">y-gencatlg</subfield>
  </datafield>
  <datafield tag="925" ind1="0" ind2=" ">
    <subfield code="a">acquire</subfield>
    <subfield code="b">1 shelf copy</subfield>
    <subfield code="x">policy default</subfield>
  </datafield>
  <datafield tag="955" ind1=" " ind2=" ">
    <subfield code="b">rm17 2015-12-01</subfield>
    <subfield code="h">rm17 2015-12-01 to shelf</subfield>
    <subfield code="u">cg12 2018-04-24</subfield>
  </datafield>
  <datafield tag="010" ind1=" " ind2=" ">
    <subfield code="a">  2015490598</subfield>
  </datafield>
  <datafield tag="020" ind1=" " ind2=" ">
    <subfield code="a">9783038352365</subfield>
  </datafield>
  <datafield tag="040" ind1=" " ind2=" ">
    <subfield code="a">DLC</subfield>
    <subfield code="b">eng</subfield>
    <subfield code="e">rda</subfield>
    <subfield code="c">DLC</subfield>
    <subfield code="d">DLC</subfield>
  </datafield>
  <datafield tag="050" ind1="0" ind2="0">
    <subfield code="a">MLCM 2015/42783 (T)</subfield>
  </datafield>
  <datafield tag="245" ind1="0" ind2="2">
    <subfield code="a">A Special Issue in Memory of Dr. Lucio Salgado :</subfield>
    <subfield code="b">Selected, peer reviewed papers from the 56 Brazilian Ceramic Conference (CBC), June 3-6, 2012, COLAOB, Latin American Cong. of Artificial Organs and Biomaterials, August 22-25, 2012, TTT VI (VI Brazil Conf. on Heat Treatments), June 17-22, 2012, IPMM - 7th International Conference on Intelligent Processing and Manufacturing of Materials September 2-3, 2012, Brazilian Surface Treatments and Exhibition (EBRATS), April 11-13, 2012, Ptech - Eighth International Latin American Conference on Powder Technology, November 6-9, 2011 /</subfield>
    <subfield code="c">Edited by Lucio Salgado (in Memory).</subfield>
  </datafield>
  <datafield tag="264" ind1=" " ind2="1">
    <subfield code="a">Pfaffikon, Switzerland :</subfield>
    <subfield code="b">Trans Tech Publications Ltd,</subfield>
    <subfield code="c">[2015]</subfield>
  </datafield>
  <datafield tag="300" ind1=" " ind2=" ">
    <subfield code="a">xvii, 726 pages :</subfield>
    <subfield code="b">illustrations ;</subfield>
    <subfield code="c">25 cm.</subfield>
  </datafield>
  <datafield tag="336" ind1=" " ind2=" ">
    <subfield code="a">text</subfield>
    <subfield code="b">txt</subfield>
    <subfield code="2">rdacontent</subfield>
  </datafield>
  <datafield tag="337" ind1=" " ind2=" ">
    <subfield code="a">unmediated</subfield>
    <subfield code="b">n</subfield>
    <subfield code="2">rdamedia</subfield>
  </datafield>
  <datafield tag="338" ind1=" " ind2=" ">
    <subfield code="a">volume</subfield>
    <subfield code="b">nc</subfield>
    <subfield code="2">rdacarrier</subfield>
  </datafield>
  <datafield tag="490" ind1="0" ind2=" ">
    <subfield code="a">Materials Science Forum,</subfield>
    <subfield code="x">0255-5476 ;</subfield>
    <subfield code="v">Volume 805</subfield>
  </datafield>
  <datafield tag="500" ind1=" " ind2=" ">
    <subfield code="a">Conference proceedings.</subfield>
  </datafield>
  <datafield tag="504" ind1=" " ind2=" ">
    <subfield code="a">Includes bibliographical references and indexes.</subfield>
  </datafield>
  <datafield tag="650" ind1=" " ind2="0">
    <subfield code="a">Materials</subfield>
    <subfield code="v">Congresses.</subfield>
  </datafield>
  <datafield tag="650" ind1=" " ind2="0">
    <subfield code="a">Powder metallurgy</subfield>
    <subfield code="v">Congresses.</subfield>
  </datafield>
  <datafield tag="700" ind1="1" ind2=" ">
    <subfield code="a">Salgado, Lucio,</subfield>
    <subfield code="e">honouree,</subfield>
    <subfield code="e">editor.</subfield>
  </datafield>
  <datafield tag="711" ind1="2" ind2=" ">
    <subfield code="a">Brazilian Ceramic Conference</subfield>
    <subfield code="n">(56th :</subfield>
    <subfield code="d">2012 :</subfield>
    <subfield code="c">Curitiba, Brazil),</subfield>
    <subfield code="e">creator.</subfield>
  </datafield>
  <datafield tag="711" ind1="2" ind2=" ">
    <subfield code="a">Latin American Congress of Artificial Organs and Biomaterials</subfield>
    <subfield code="n">(6th :</subfield>
    <subfield code="d">2012 :</subfield>
    <subfield code="c">Natal, Brazil),</subfield>
    <subfield code="e">creator.</subfield>
  </datafield>
  <datafield tag="711" ind1="2" ind2=" ">
    <subfield code="a">Brazil Conference on Heat Treatments</subfield>
    <subfield code="n">(6th :</subfield>
    <subfield code="d">2012 :</subfield>
    <subfield code="c">Atibaia, Brazil),</subfield>
    <subfield code="e">creator.</subfield>
  </datafield>
  <datafield tag="711" ind1="2" ind2=" ">
    <subfield code="a">International Conference on Intelligent Processing and Manufacturing of Materials</subfield>
    <subfield code="n">(7th :</subfield>
    <subfield code="d">2012 :</subfield>
    <subfield code="c">Foz do Iguaçu, Brazil),</subfield>
    <subfield code="e">creator.</subfield>
  </datafield>
  <datafield tag="711" ind1="2" ind2=" ">
    <subfield code="a">Brazilian Surface Treatments and Exhibition</subfield>
    <subfield code="d">(2012 :</subfield>
    <subfield code="c">São Paulo, Brazil),</subfield>
    <subfield code="e">creator.</subfield>
  </datafield>
  <datafield tag="711" ind1="2" ind2=" ">
    <subfield code="a">International Latin-American Conference on Powder Technology</subfield>
    <subfield code="n">(8th :</subfield>
    <subfield code="d">2011 :</subfield>
    <subfield code="c">Florianópolis, Santa Catarina, Brazil),</subfield>
    <subfield code="e">creator.</subfield>
  </datafield>
</record>