
<record>
  <leader>02373cam a22003497i 4500</leader>
  <controlfield tag="001">18882117</controlfield>
  <controlfield tag="005">20200103120845.0</controlfield>
  <controlfield tag="008">151119s2015    ru       b    100 0 rus  </controlfield>
  <datafield tag="906" ind1=" " ind2=" ">
    <subfield code="a">7</subfield>
    <subfield code="b">cbc</subfield>
    <subfield code="c">origres</subfield>
    <subfield code="d">3</subfield>
    <subfield code="e">ncip</subfield>
    <subfield code="f">20</subfield>
    <subfield code="g">y-nonroman</subfield>
  </datafield>
  <datafield tag="925" ind1="0" ind2=" ">
    <subfield code="a">acquire</subfield>
    <subfield code="b">1 shelf copy</subfield>
    <subfield code="x">policy default</subfield>
  </datafield>
  <datafield tag="955" ind1=" " ind2=" ">
    <subfield code="b">fe15 2015-12-31 telework to cat.</subfield>
    <subfield code="a">fe00 2016-01-06 to GS/RUS</subfield>
    <subfield code="h">fe12 2018-06-08 overtime to shelf</subfield>
  </datafield>
  <datafield tag="010" ind1=" " ind2=" ">
    <subfield code="a">  2015496463</subfield>
  </datafield>
  <datafield tag="020" ind1=" " ind2=" ">
    <subfield code="a">9785742250005</subfield>
  </datafield>
  <datafield tag="035" ind1=" " ind2=" ">
    <subfield code="a">(RuMoEVIS)ev1145545B</subfield>
  </datafield>
  <datafield tag="040" ind1=" " ind2=" ">
    <subfield code="a">DLC</subfield>
    <subfield code="b">eng</subfield>
    <subfield code="e">rda</subfield>
    <subfield code="c">DLC</subfield>
  </datafield>
  <datafield tag="050" ind1="0" ind2="0">
    <subfield code="a">MLCS 2018/45389 (H)</subfield>
  </datafield>
  <datafield tag="066" ind1=" " ind2=" ">
    <subfield code="c">(N</subfield>
  </datafield>
  <datafield tag="111" ind1="2" ind2=" ">
    <subfield code="a">Nauchno-prakticheskai︠a︡ konferet︠s︡ii︠a︡ &quot;Innovat︠s︡ionnai︠a︡ ėkonomika i promyshlennai︠a︡ politika regiona&quot;</subfield>
    <subfield code="d">(2015 :</subfield>
    <subfield code="c">Saint Petersburg, Russia)</subfield>
  </datafield>
  <datafield tag="245" ind1="1" ind2="0">
    <subfield code="6">880-01</subfield>
    <subfield code="a">Innovat︠s︡ionnai︠a︡ ėkonomika i promyshlennai︠a︡ politika regiona (ĖKOPROM-2015) :</subfield>
    <subfield code="b">trudy mezhdunarodnoĭ nauchno-prakticheskoĭ konferent︠s︡ii, 8-10 okti︠a︡bri︠a︡ 2015 goda = Innovation economy and regional industrial policy (ECOPROM-2015) proceedings of the international scientific-practical conference, October 8-10, 2015 /</subfield>
    <subfield code="c">Pod red. A.V. Babkina.</subfield>
  </datafield>
  <datafield tag="880" ind1="1" ind2="0">
    <subfield code="6">245-01/(N</subfield>
    <subfield code="a">Инновационная экономика и промышленная политика региона (ЭКОПРОМ-2015) :</subfield>
    <subfield code="b">труды международной научно-практической конференции, 8-10 октября 2015 года = Innovation economy and regional industrial policy (ECOPROM-2015) proceedings of the international scientific-practical conference, October 8-10, 2015 /</subfield>
    <subfield code="c">Под ред. А.В. Бабкина.</subfield>
  </datafield>
  <datafield tag="246" ind1="3" ind2="1">
    <subfield code="a">Innovation economy and regional industrial policy (ECOPROM-2015) proceedings of the international scientific-practical conference, October 8-10, 2015</subfield>
  </datafield>
  <datafield tag="264" ind1=" " ind2="1">
    <subfield code="6">880-02</subfield>
    <subfield code="a">Sankt-Peterburg :</subfield>
    <subfield code="b">Izd-vo Politekhn. un-ta,</subfield>
    <subfield code="c">2015.</subfield>
  </datafield>
  <datafield tag="880" ind1=" " ind2="1">
    <subfield code="6">264-02/(N</subfield>
    <subfield code="a">Санкт-Петербург :</subfield>
    <subfield code="b">Изд-во Политехн. ун-та,</subfield>
    <subfield code="c">2015.</subfield>
  </datafield>
  <datafield tag="300" ind1=" " ind2=" ">
    <subfield code="a">821 pages ;</subfield>
    <subfield code="c">21 cm</subfield>
  </datafield>
  <datafield tag="336" ind1=" " ind2=" ">
    <subfield code="a">text</subfield>
    <subfield code="b">txt</subfield>
    <subfield code="2">rdacontent</subfield>
  </datafield>
  <datafield tag="337" ind1=" " ind2=" ">
    <subfield code="a">unmediated</subfield>
    <subfield code="b">n</subfield>
    <subfield code="2">rdamedia</subfield>
  </datafield>
  <datafield tag="338" ind1=" " ind2=" ">
    <subfield code="a">volume</subfield>
    <subfield code="b">nc</subfield>
    <subfield code="2">rdacarrier</subfield>
  </datafield>
  <datafield tag="500" ind1=" " ind2=" ">
    <subfield code="a">&quot;Nauchnoe izdanie&quot;--Colophon.</subfield>
  </datafield>
  <datafield tag="504" ind1=" " ind2=" ">
    <subfield code="a">Includes bibliographical references.</subfield>
  </datafield>
  <datafield tag="653" ind1="0" ind2=" ">
    <subfield code="a">Economics;</subfield>
    <subfield code="a">Regional economics;</subfield>
    <subfield code="a">Industrial management;</subfield>
    <subfield code="a">Congresses</subfield>
  </datafield>
  <datafield tag="923" ind1=" " ind2=" ">
    <subfield code="d">20151119</subfield>
    <subfield code="n">10159883</subfield>
    <subfield code="s">RuMoEVIS</subfield>
  </datafield>
  <datafield tag="985" ind1=" " ind2=" ">
    <subfield code="e">VENDOR LOAD</subfield>
  </datafield>
</record>